% Placeholder bibliography entries
@article{cox1997secure,
  author  = {Ingemar J. Cox and Joe Kilian and F. Thomson Leighton and Talal Shamoon},
  title   = {Secure Spread Spectrum Watermarking for Multimedia},
  journal = {IEEE Transactions on Image Processing},
  year    = {1997},
  volume  = {6},
  number  = {12},
  pages   = {1673--1687},
  doi     = {10.1109/83.650120}
}

@article{barni2001improved,
  author  = {Mauro Barni and Franco Bartolini and Alessandro Piva},
  title   = {Improved Wavelet-Based Watermarking Through Pixel-Wise Masking},
  journal = {IEEE Transactions on Image Processing},
  year    = {2001},
  volume  = {10},
  number  = {5},
  pages   = {783--791},
  doi     = {10.1109/83.918568}
}

@misc{c2pa2024,
  author       = {{Coalition for Content Provenance and Authenticity}},
  title        = {C2PA Technical Specification Version 1.3},
  year         = {2024},
  howpublished = {Online specification},
  url          = {https://c2pa.org/specifications.html},
  note         = {Accessed 2025-08-24}
}

@article{satyanarayanan2017edge,
  author  = {Mahadev Satyanarayanan},
  title   = {The Emergence of Edge Computing},
  journal = {Computer},
  year    = {2017},
  volume  = {50},
  number  = {1},
  pages   = {30--39},
  doi     = {10.1109/MC.2017.9}
}

@misc{dsi2025,
  author       = {{Direction des Syst\`emes d'Information}},
  title        = {Agricultural Field Data Collection Pilot Plan},
  year         = {2025},
  howpublished = {Internal pilot planning document},
  note         = {Marrakesh regional test site}
}

@article{kumar2024robust,
  author  = {A. Kumar and R. Singh and P. Sharma},
  title   = {A Robust and Secure Image Watermarking Scheme Using DWT--SVD and Chaos},
  journal = {International Journal on Informatics Visualization},
  year    = {2024},
  volume  = {15},
  number  = {4},
  pages   = {3596--3605}
}

@article{chan2004hiding,
  author  = {Chi-Chun Chan and Ling-Ming Cheng},
  title   = {Hiding Data in Images by Simple LSB Substitution},
  journal = {Pattern Recognition},
  year    = {2004},
  volume  = {37},
  number  = {3},
  pages   = {469--474},
  doi     = {10.1016/j.patcog.2003.08.007}
}

@article{zhang2020robust,
  author  = {J. Zhang and W. Chen and N. Yu},
  title   = {A Robust and Imperceptible Deep Learning-Based Watermarking Scheme},
  journal = {IEEE Transactions on Circuits and Systems for Video Technology},
  year    = {2020},
  volume  = {31},
  number  = {7},
  pages   = {2845--2858},
  doi     = {10.1109/TCSVT.2020.2965151}
}

@inproceedings{dorri2017blockchain,
  author    = {A. Dorri and S. S. Kanhere and R. Jurdak and P. Gauravaram},
  title     = {Blockchain for IoT Security and Privacy: The Case Study of a Smart Home},
  booktitle = {Proc. IEEE PerCom Workshops},
  year      = {2017},
  pages     = {618--623},
  doi       = {10.1109/PERCOMW.2017.7917634}
}

@misc{ministereDSI2024,
  author       = {{Ministère de l’Équipement et de l’Eau}},
  title        = {Missions de la DSI},
  year         = {2024},
  howpublished = {Website},
  url          = {https://www.equipement.gov.ma/Gouvernance/Organisation/Pages/Missions-de-la-DSI.aspx},
  note         = {Accessed: 2024-10-27}
}

@article{smith2023deepfakes,
  author  = {J. Smith and A. Kumar and L. Zhao},
  title   = {Deepfakes and the Erosion of Trust: A Survey of Detection and Mitigation},
  journal = {Journal of Digital Forensics},
  year    = {2023},
  volume  = {12},
  number  = {3},
  pages   = {101--128}
}

@inproceedings{doe2024misinfo,
  author    = {A. Doe and M. Fernández and T. Nguyen},
  title     = {Coordinated Misinformation Campaigns in the Wild: Taxonomy and Countermeasures},
  booktitle = {Proceedings of the International Conference on Web and Social Media},
  year      = {2024}
}
